@article{Aboukhalil2008,
  author = {Aboukhalil, Anton and Nielsen, Larry and Saeed, Mohammed and Mark,
            Roger and Clifford, Gari},
  title = {Reducing false alarm rates for critical arrhythmias using the
           arterial blood pressure waveform},
  pages = {442--451},
  volume = {41},
  date = {2008-10},
  journaltitle = {Journal of Biomedical Informatics},
}
